
@ARTICLE{Allawi_36_1997,
	AUTHOR  = "Allawi H.T., SantaLucia J.",
	TITLE   = "Thermodynamics and NMR of internal G-T mismatches in DNA",
	YEAR    = "1997",
	JOURNAL = "Biochemistry",
	VOLUME  = "36",
	PAGES   = "10581--10594"
}
@ARTICLE{Allawi_37_1998,
	AUTHOR  = "Allawi H.T., SantaLucia J.",
	TITLE   = "Nearest Neighbor thermodynamics parameters for internal G.A mismatches in DNA",
	YEAR    = "1998",
	JOURNAL = "Biochemistry",
	VOLUME  = "37",
	PAGES   = "2170--2179"
}
@ARTICLE{Allawi_26_1998,
	AUTHOR  = "Allawi H.T., SantaLucia J.",
	TITLE   = "Thermodynamics of internal C.T mismatches in DNA",
	YEAR    = "1998",
	JOURNAL = "Biochemistry",
	VOLUME  = "26",
	PAGES   = "2694--2701"
}
@ARTICLE{Allawi_37_1998,
	AUTHOR  = "Allawi H.T., SantaLucia J.",
	TITLE   = "Nearest Neighbor thermodynamics of internal A.C mismatches in DNA: sequence dependence and pH effects",
	YEAR    = "1998",
	JOURNAL = "Biochemistry",
	VOLUME  = "37",
	PAGES   = "9435--9444"
}
@ARTICLE{Amanda_11_2005,
	AUTHOR  = "Amanda S. O'toole, Stacy Miller and Martin J Serra",
	TITLE   = "Stability of 3' double nucleotide overhangs that model the 3'ends of siRNA",
	YEAR    = "2005",
	JOURNAL = "RNA",
	VOLUME  = "11",
	PAGES   = "512--516"
}
@ARTICLE{Amanda_34_2006,
	AUTHOR  = "Amanda S. O'toole, Stacy Miller, Nathan Haines, M. Coleen Zink and Martin J Serra",
	TITLE   = "Comprehensive thermodynamic analysis of 3' double-nucleotide overhangs neighboring Watson-Crick terminal base pairs",
	YEAR    = "2006",
	JOURNAL = "Nucleic Acids research",
	VOLUME  = "34",
	PAGES   = "3338--3344"
}
@ARTICLE{Amber_46_2007,
	AUTHOR  = "Amber R. Davis, and Brent M. Znosko",
	TITLE   = "Thermodynamic Characterization of Single Mismatches Found in Naturally Occurring RNA",
	YEAR    = "2007",
	JOURNAL = "Biochemistry",
	VOLUME  = "46",
	PAGES   = "13425--13436"
}
@ARTICLE{Amber_47_2008,
	AUTHOR  = "Amber R. Davis, and Brent M. Znosko",
	TITLE   = "Thermodynamic Characterization of Naturally Occurring RNA Single Mismatches with G-U Nearest Neighbors",
	YEAR    = "2008",
	JOURNAL = "Biochemistry",
	VOLUME  = "47",
	PAGES   = "10178--10187"
}
@ARTICLE{Blake_26_1998,
	AUTHOR  = "Blake, R. D., and Delcourt, S. G.",
	TITLE   = "Thermal stability of DNA",
	YEAR    = "1998",
	JOURNAL = "Nucleic Acids Res",
	VOLUME  = "26",
	PAGES   = "3323--3332 and corrigendum"
}
@ARTICLE{Bommarito_28_2000,
	AUTHOR  = "Bommarito S., Peyret N., SantaLucia J.",
	TITLE   = "Thermodynamic parameters for DNAsequences with dangling ends",
	YEAR    = "2000",
	JOURNAL = "Nucleic Acids Res",
	VOLUME  = "28",
	PAGES   = "1929--1934"
}
@ARTICLE{Breslauer_83_1986,
	AUTHOR  = "Breslauer K.J., Frank R., Bl\"ocker H., Marky L.A.",
	TITLE   = "Predicting DNA duplex stability from the base sequence",
	YEAR    = "1986",
	JOURNAL = "Proc Natl Acad Sci USA",
	VOLUME  = "83",
	PAGES   = "3746--3750"
}
@ARTICLE{Broda_44_2005,
	AUTHOR  = "Broda Magdalena, Elbieta Kierzek, Zofia Gdaniec, Tadeusz Kulinski and Ryszard Kierzek",
	TITLE   = "Thermodynamic stability of RNA structures formed by CNG trinucleotide repeats. Implication for prediction of RNA structure",
	YEAR    = "2005",
	JOURNAL = "Biochemistry",
	VOLUME  = "44",
	PAGES   = "10873--10882"
}
@ARTICLE{Casey_4_1977,
	AUTHOR  = "Casey J., and Davidson N.",
	TITLE   = " ",
	YEAR    = "1977",
	JOURNAL = "Nucleic acids research",
	VOLUME  = "4",
	PAGES   = "1539--1532"
}
@ARTICLE{Chester_209_1993,
	AUTHOR  = "Chester N, Marshak DR",
	TITLE   = "dimethyl sulfoxide-mediated primer Tm reduction : a method for analyzing the role of renaturation temperature in the polymerase chain reaction",
	YEAR    = "1993",
	JOURNAL = "Analytical Biochemistry",
	VOLUME  = "209",
	PAGES   = "284-290"
}
@ARTICLE{Cullen_3_1976,
	AUTHOR  = "Cullen Br, Bick Md",
	TITLE   = "Thermal denaturation of DNA from bromodeoxyuridine substitued cells",
	YEAR    = "1976",
	JOURNAL = "Nucleic acids research",
	VOLUME  = "3",
	PAGES   = "49--62"
}
@ARTICLE{David_288_1999,
	AUTHOR  = "David H. Mathews, Jeffrey Sabina, Michael Zucker and Douglas H Turner",
	TITLE   = "Expanded sequence dependence of thermodynamic parameters improves predictionof RNA secondary structure",
	YEAR    = "1999",
	JOURNAL = "J. Mol. Biol",
	VOLUME  = "288",
	PAGES   = "911--940"
}
@ARTICLE{Elzbieta_34_2006,
	AUTHOR  = "Elzbieta Kierzek, David H. Mathews, Anna Ciesielska, Douglas H. Turner and Ryszard Kierzek",
	TITLE   = "Nearest neighbor parameters for Watson Crick complementary heteroduplexesformed between 2-O-methyl RNA and RNA oligonucleotides",
	YEAR    = "2006",
	JOURNAL = "Nucleic acids research",
	VOLUME  = "34",
	PAGES   = "3609--3614"
}
@ARTICLE{Escara_19_1980,
	AUTHOR  = "Escara JF, Hutton Jr",
	TITLE   = "Thermal stability and renaturation of DNA in dimethyl sulfoxidesolutions: acceleration of the renaturation rate",
	YEAR    = "1980",
	JOURNAL = "Biopolymers",
	VOLUME  = "19",
	PAGES   = "1315--1327"
}
@ARTICLE{Frank_10_1971,
	AUTHOR  = "Frank-Kamenetskii, M. D.",
	TITLE   = "Simplification of the empirical relationship between melting temperature of DNA, its GC content and concentration of sodium ions in solution",
	YEAR    = "1971",
	JOURNAL = "Biopolymers",
	VOLUME  = "10",
	PAGES   = "2623--2624"
}
@ARTICLE{Freier_83_1986,
	AUTHOR  = "Freier S.M., Kierzek R., Jaeger, J.A., Sugimoto N., Caruthers M.H., Neilson T., Turner D.H.",
	TITLE   = "",
	YEAR    = "1986",
	JOURNAL = "Biochemistry",
	VOLUME  = "83",
	PAGES   = "9373--9377"
} 
@ARTICLE{Fumiaki_43_2004,
	AUTHOR  = "Fumiaki Tanaka, Atsushi Kameda, Masahito Yamamoto and Azuma Ohuchi",
	TITLE   = "Thermodynamic Parameters based on a nearest neighbor model for DNA sequences with a single bulge loop",
	YEAR    = "2004",
	JOURNAL = "Biochemistry",
	VOLUME  = "43",
	PAGES   = "7143--7150"
}
@ARTICLE{Hiroyuki_49_2005,
	AUTHOR  = "Hiroyuki Asanuma, Daijiro Matsunaga and Makoto Komiyama",
	TITLE   = "Clear-cut photo-regulation of the formation and dissociation of the DNA duplex by modified oligonucleotide involving multiple azobenzenes",
	YEAR    = "2005",
	JOURNAL = "Nucleic acids Symposium Series",
	VOLUME  = "49",
	PAGES   = "35--36"
}
@ARTICLE{Hutton_4_1977,
	AUTHOR  = "Hutton Jr",
	TITLE   = "",
	YEAR    = "1977",
	JOURNAL = "Nucleic acids research",
	VOLUME  = "4",
	PAGES   = "3537--3555"
}
@ARTICLE{Jaya_46_2007,
	AUTHOR  = "Jaya Badhwar, Saradasri Karri, Cody K. Cass, Erica L. Wunderlich and Brent M. Znosco",
	TITLE   = "Thermodynamic characterization of RNA duplexes containing naturally occuring 1x2 nucleotide internal loops",
	YEAR    = "2007",
	JOURNAL = "Biochemistry",
	VOLUME  = "46",
	PAGES   = "14715--14724"
}
@ARTICLE{Joshua_46_2007,
	AUTHOR  = "Joshua M. Blose, Michelle L. Manni, Kelly A. Klapec, Yukiko Stranger-Jones, Allison C.Zyra, Vasiliy Sim, Chad A. Griffith, Jason D. Long, and Martin J. Serra",
	TITLE   = "Non-Nearest-Neighbor Dependence of Stability for RNA Bulge Loops Based on the Complete Set of Group I Single Nucleotide Bulge Loops",
	YEAR    = "2007",
	JOURNAL = "Biochemistry",
	VOLUME  = "46",
	PAGES   = "15123--15135"
}
@ARTICLE{Junji_29_2001,
	AUTHOR  = "Junji Kawakami1,2, Hiroyuki Kamiya3, Kyohko Yasuda2, Hiroyoshi Fujiki1, Hiroshi Kasai3 andNaoki Sugimoto",
	TITLE   = "Thermodynamic stability of base pairs between 2-hydroxyadenine and incoming nucleotides as a determinant of nucleotide incorporation specificity during replication",
	YEAR    = "2001",
	JOURNAL = "Nucleic acids research",
	VOLUME  = "29",
	PAGES   = "3289--3296"
}
@ARTICLE{Marmur_5_1962,
	AUTHOR  = "Marmur, J., and Doty, P.",
	TITLE   = "Determination of the base composition of deoxyribonucleic acid from its thermal denaturation temperature",
	YEAR    = "1962",
	JOURNAL = "J. Mol. Biol.",
	VOLUME  = "5",
	PAGES   = "109--118"
}
@ARTICLE{McConaughy_8_1969,
	AUTHOR  = "McConaughy, B.L., Laird, C.D. and McCarthy, B.I.",
	TITLE   = "",
	YEAR    = "1969",
	JOURNAL = " Biochemistry",
	VOLUME  = "8",
	PAGES   = "3289--3295"
}
@ARTICLE{Mitsuhashi_10_1996,
	AUTHOR  = "Mitsuhashi M.",
	TITLE   = "Technical report: Part 1. Basic requirements for designing optimal oligonucleotide probe sequences",
	YEAR    = "1996",
	JOURNAL = "J. Clin. Lab. Anal",
	VOLUME  = "10",
	PAGES   = "277--284"
}
@ARTICLE{Musielski_21_1981,
	AUTHOR  = "Musielski H., Mann W, Laue R, Michel S",
	TITLE   = "Influence of dimethylsulfoxide on transcription by bacteriophage T3-induced RNA polymerase",
	YEAR    = "1981",
	JOURNAL = "Z allg Microbiol",
	VOLUME  = "21",
	PAGES   = "447--456"
}
@ARTICLE{Nicolas_47_2001,
	AUTHOR  = "Nicolas Von Ahsen, Carl T Wittwer and Ekkehard Schutz",
	TITLE   = "Oligonucleotide melting temperatures under PCR conditions : deoxynucleotide Triphosphate and Dimethyl sulfoxide concentrations with comparison to alternative empirical formulas",
	YEAR    = "2001",
	JOURNAL = "Clinical Chemistry",
	VOLUME  = "47",
	PAGES   = "1956--1961"
} 
@ARTICLE{Owczarzy_47_2008,
	AUTHOR  = "Owczarzy R., Moreira B.G., You Y., Behlke M.B., Walder J.A.",
	TITLE   = "Predicting stability of DNA duplexes in solutions containing Magnesium and Monovalent Cations",
	YEAR    = "2008",
	JOURNAL = "Biochemistry",
	VOLUME  = "47",
	PAGES   = "5336--5353"
}
@ARTICLE{Owen_7_1969,
	AUTHOR  = "Owen RJ, Hill LR, Lapage SP.",
	TITLE   = "Determination of DNA base compositions from melting profiles in dilute buffers",
	YEAR    = "1969",
	JOURNAL = "Biopolymers",
	VOLUME  = "7",
	PAGES   = "503--516"
}
@ARTICLE{Frank_10_1971,
	AUTHOR  = "Owen RJ, Hill LR, Lapage SP.",
	TITLE   = "Frank-Kamenetskii MD. Simplification of the empirical relationship between melting temperature of DNA, its GC content and concentration of sodium ions in solution",
	YEAR    = "1971",
	JOURNAL = "Biopolymers",
	VOLUME  = "10",
	PAGES   = "2623--2624"
}
@ARTICLE{Blake_2_1996,
	AUTHOR  = "Blake RD.",
	TITLE   = "Denaturation of DNA",
	YEAR    = "1996",
	JOURNAL = "In: Meyers RA, ed. Encyclopediaof molecular biology and molecular medicine",
	VOLUME  = "2",
	PAGES   = "1--19"
}
@ARTICLE{Patricia_43_2004,
	AUTHOR  = "Patricia M. McTigue, Raymond J. Peterson, and Jason D. Kahn",
	TITLE   = "Sequence-Dependent Thermodynamic Parameters for Locked Nucleic Acid (LNA)DNA DuplexFormation",
	YEAR    = "2004",
	JOURNAL = "Biochemistry",
	VOLUME  = "43",
	PAGES   = "5388--5405"
}
@ARTICLE{Peyret_5_2000,
	AUTHOR  = "Peyret N.",
	TITLE   = "Prediction of nucleic acid hybridization : parameters and algorithms",
	YEAR    = "2000",
	JOURNAL = "Ph.D Thesis 4.2, 128, Wayne State University, Detroit, MI.",
	VOLUME  = "5",
	PAGES   = ""
}
@ARTICLE{Peyret_38_1999,
	AUTHOR  = "Peyret N., Seneviratne P.A., Allawi H.T., SantaLucia J.",
	TITLE   = "Nearest Neighbor thermodynamics and NMR of DNA sequences with internal A.A, C.C, G.G and T.T mismatches. dependence and pH effects",
	YEAR    = "1999",
	JOURNAL = "Biochemistry",
	VOLUME  = "38",
	PAGES   = "3468--3477"
}
@ARTICLE{R_24_1996,
	AUTHOR  = "R. D. Blake and Scott G. Delcourt",
	TITLE   = "Thermodynamic effects of formamide on DNA stability",
	YEAR    = "1996",
	JOURNAL = "Nucleic Acids Research",
	VOLUME  = "24, 11",
	PAGES   = "2095--2103"
}
@ARTICLE{Record_5_1967,
	AUTHOR  = "Record, M.T., Jr",
	TITLE   = " ",
	YEAR    = "1967",
	JOURNAL = "Biopolymers",
	VOLUME  = "5",
	PAGES   = "975--992"
}
@ARTICLE{Richard_43_2004,
	AUTHOR  = "Richard Owczarzy, Yong You, Bernardo G. Moreira, Jeffrey A.Manthey, Lingyan Huang, Mark A. Behlke and Joseph A.Walder",
	TITLE   = "Effects of sodium ions on DNA duplex oligomers: Improved predictions of melting temperatures",
	YEAR    = "2004",
	JOURNAL = "Biochemistry",
	VOLUME  = "43",
	PAGES   = "3537--3554"
}
@ARTICLE{SantaLucia_35_1996,
	AUTHOR  = "SantaLucia J. Jr, Allawi H.T., Seneviratne P.A.",
	TITLE   = "Improved nearest-neighbor parameters for predicting DNA duplex stability",
	YEAR    = "1996",
	JOURNAL = "Biochemistry",
	VOLUME  = "35",
	PAGES   = "3555--3562"
}
@ARTICLE{Schildkraut_3_1965,
	AUTHOR  = "Schildkraut, C., and Lifson, S.",
	TITLE   = "Dependence of the melting temperature of DNA on salt concentration",
	YEAR    = "1965",
	JOURNAL = "Biopolymers",
	VOLUME  = "3",
	PAGES   = "195--208"
}
@ARTICLE{Stacy_36_2008,
	AUTHOR  = "Stacy Miller, Laura E. Jones, Karen Giovannitti, Dan Piper and Martin J. Serra",
	TITLE   = "Thermodynamic analysis of 5 and 3 single- and 3 double-nucleotide overhangs neighboring wobble terminal base pairs",
	YEAR    = "2008",
	JOURNAL = "Nucleic Acids research",
	VOLUME  = "36",
	PAGES   = "5652--5659"
}
@ARTICLE{Sugimoto_354_1994,
	AUTHOR  = "Sugimoto N., Katoh M., Nakano S., Ohmichi T., Sasaki M.",
	TITLE   = "RNA/DNA hybrid duplexes with identical nearest-neighbor base-pairs have identical stability",
	YEAR    = "1994",
	JOURNAL = "FEBS Letters",
	VOLUME  = "354",
	PAGES   = "74--78"
}
@ARTICLE{Sugimoto_34_1995,
	AUTHOR  = "Sugimoto N., Nakano S., Katoh M., Matsumura A., Nakamuta H., Ohmichi T., Yoneyama M., Sasaki M.",
	TITLE   = "Thermodynamic parameters to predict stability of RNA/DNA hybrid duplexes",
	YEAR    = "1995",
	JOURNAL = "Biochemistry",
	VOLUME  = "34",
	PAGES   = "11211--11216"
}  
@ARTICLE{Sugimoto_24_1996,
	AUTHOR  = "Sugimoto N., Nakano S., Yoneyama M., Honda K.",
	TITLE   = "Improved thermodynamic parameters and helix initiation factor to predict stability of DNA duplexes",
	YEAR    = "1996",
	JOURNAL = "Nuc Acids Res",
	VOLUME  = "24",
	PAGES   = "4501--4505"
}
@ARTICLE{Tatsuo_124_2002,
	AUTHOR  = "Tatsuo Ohmichi, Shu-ichi Nakano, Daisuke Miyoshi and Naoki Sugimoto",
	TITLE   = "Long RNA danglingend has large energetic contribution to duplex stability",
	YEAR    = "2002",
	JOURNAL = "J. Am. Chem. Soc.",
	VOLUME  = "124",
	PAGES   = "10367--10372"
}
@ARTICLE{Wahl_152_1987,
	AUTHOR  = "Wahl GM, Berger SL, Kimmel AR.",
	TITLE   = "Molecular hybridization of immobilized nucleic acids: theoretical concepts and practical considerations",
	YEAR    = "1987",
	JOURNAL = "Methods Enzymol",
	VOLUME  = "152",
	PAGES   = "399--407"
}
@ARTICLE{Britten_29_1974,
	AUTHOR  = "Britten RJ, Graham DE, Neufeld BR",
	TITLE   = "Analysis of repeating DNA sequences by reassociation",
	YEAR    = "1974",
	JOURNAL = "Methods Enzymol",
	VOLUME  = "29",
	PAGES   = "363--418"
}
@ARTICLE{Hall_16_1980,
	AUTHOR  = "Hall TJ, Grula JW, Davidson EH, Britten RJ",
	TITLE   = "Evolution of sea urchin non-repetitive DNA",
	YEAR    = "1980",
	JOURNAL = "J Mol Evol",
	VOLUME  = "16",
	PAGES   = "95--110"
}
@ARTICLE{Watkins_33_2005,
	AUTHOR  = "Watkins N.E., Santalucia J. Jr.",
	TITLE   = "Nearest-neighbor thermodynamics of deoxyinosine pairs in DNA duplexes",
	YEAR    = "2005",
	JOURNAL = "Nuc Acids Res",
	VOLUME  = "33",
	PAGES   = "6258--6267"
}
@ARTICLE{Wright_46_2007,
	AUTHOR  = "Wright D.J., Rice J.L., Yanker D.M., Znosko B.M.",
	TITLE   = "Nearest neighbor parameters for inosine-uridine pairs in RNA duplexes",
	YEAR    = "2007",
	JOURNAL = "Biochemistry",
	VOLUME  = "46",
	PAGES   = "4625--4634"
}
@ARTICLE{Xia_37_1998,
	AUTHOR  = "Xia T., SantaLucia J., Burkard M.E., Kierzek R., Schroeder S.J., Jiao X., Cox C., Turner D.H.",
	TITLE   = "Thermodynamics parameters for an expanded nearest-neighbor model for formation of RNA duplexes with Watson-Crick base pairs",
	YEAR    = "1998",
	JOURNAL = "Biochemistry",
	VOLUME  = "37",
	PAGES   = "14719--14735"
}
@ARTICLE{Zhi_90_2006,
	AUTHOR  = "Zhi-Jie Tan and Shi-Jie Chen,",
	TITLE   = "Nucleic acid helix stability: effects of Salt concentration, cation valence and size, and chain length",
	YEAR    = "2006",
	JOURNAL = "Biophysical Journal",
	VOLUME  = "90",
	PAGES   = "1175--1190"
}
@ARTICLE{Zhi_92_2007,
	AUTHOR  = "Zhi-Jie Tan and Shi-Jie Chen",
	TITLE   = "RNA helix stability in Mixed Na+/Mg2+ solutions",
	YEAR    = "2007",
	JOURNAL = "Biophysical Journal",
	VOLUME  = "92",
	PAGES   = "3615--3632"
}
@ARTICLE{Zhi_34_2006,
	AUTHOR  = "Zhi John Lu, Douglas H. Turner and David H. Mathews",
	TITLE   = "A set of nearest neighbor parameters for predicting the enthalpy change of RNA secondary structure formation",
	YEAR    = "2006",
	JOURNAL = "Nucleic Acids Research",
	VOLUME  = "34",
	PAGES   = "4912--4924"
}
@ARTICLE{SantaLucia_95_1998,
	AUTHOR  = "SantaLucia J.",
	TITLE   = "A unified view of polymer, dumbbell, and oligonucleotide DNA nearest-neighbor thermodynamics",
	YEAR    = "1998",
	JOURNAL = "Proc Natl Acad Sci USA",
	VOLUME  = "95",
	PAGES   = "1460--1465"
}
@ARTICLE{SantaLucia_33_2004,
	AUTHOR  = "SantaLucia  J., Hicks Donald",
	TITLE   = "The Thermodynamics of DNA structural motifs",
	YEAR    = "2004",
	JOURNAL = "Annu. Rev. Biophys. Struct",
	VOLUME  = "33",
	PAGES   = "415--440"
}  
@ARTICLE{Wetmur_26_1991,
	AUTHOR  = "Wetmur J.G.",
	TITLE   = "DNA probes: applications of the principles of nucleic acid hybridization",
	YEAR    = "1991",
	JOURNAL = "Crit Rev Biochem Mol Biol",
	VOLUME  = "26",
	PAGES   = "227--259"
}